<?xml version="1.0" encoding="UTF-8"?><record xmlns="http://www.loc.gov/MARC21/slim" xmlns:cinclude="http://apache.org/cocoon/include/1.0" xmlns:zs="http://www.loc.gov/zing/srw/">
  <leader>00377cz  a2200133n  4500</leader>
  <controlfield tag="001">n  80110379 </controlfield>
  <controlfield tag="003">DLC</controlfield>
  <controlfield tag="005">20140402083713.0</controlfield>
  <controlfield tag="008">800902n| azannaab           |n aaa      </controlfield>
  <datafield tag="010" ind1=" " ind2=" ">
    <subfield code="a">n  80110379 </subfield>
  </datafield>
  <datafield tag="040" ind1=" " ind2=" ">
    <subfield code="a">DLC</subfield>
    <subfield code="c">DLC</subfield>
    <subfield code="d">DLc</subfield>
    <subfield code="e">rda</subfield>
  </datafield>
  <datafield tag="100" ind1="1" ind2=" ">
    <subfield code="a">Palmenfelt, Ulf,</subfield>
    <subfield code="d">1947-</subfield>
  </datafield>
  <datafield tag="670" ind1=" " ind2=" ">
    <subfield code="a">His GotlaĚndska folksaĚgner, 1979:</subfield>
    <subfield code="b">t.p. (Ulf Palmenfelt)</subfield>
  </datafield>
  <datafield tag="670" ind1=" " ind2=" ">
    <subfield code="a">S 80</subfield>
    <subfield code="b">(Palmenfelt, Ulf, 1947- )</subfield>
  </datafield>
</record>